<?xml version="1.0" encoding="UTF-8"?><collection xmlns="http://www.loc.gov/MARC21/slim"><record><leader>00540nam--2200205-u-4500</leader><controlfield tag="001">000051987</controlfield><controlfield tag="002">20161230</controlfield><controlfield tag="005">20161230201049</controlfield><controlfield tag="008">090526s1000------------r-----000-0-eng-d</controlfield><datafield ind1=" " ind2=" " tag="020"><subfield code="a">0486445305</subfield></datafield><datafield ind1=" " ind2=" " tag="040"><subfield code="a">IFIN-HH</subfield></datafield><datafield ind1=" " ind2=" " tag="080"><subfield code="a">512.64:530.145</subfield></datafield><datafield ind1="1" ind2=" " tag="100"><subfield code="a">Jordan, Thomas F</subfield></datafield><datafield ind1="1" ind2="0" tag="245"><subfield code="a">Quantum Mechanics in Simple Matrix Form</subfield><subfield code="c">Thomas F. Jordan</subfield></datafield><datafield ind1=" " ind2=" " tag="260"><subfield code="a">Mineola</subfield><subfield code="b">Dover Publications</subfield><subfield code="c">2005</subfield></datafield><datafield ind1=" " ind2=" " tag="300"><subfield code="a">259 p</subfield></datafield><datafield ind1=" " ind2="4" tag="650"><subfield code="a">Quantum mechanics</subfield></datafield><datafield ind1=" " ind2=" " tag="650"><subfield code="a">Matrix Form</subfield></datafield><datafield ind1=" " ind2=" " tag="852"><subfield code="a">82255</subfield><subfield code="c">530.14</subfield></datafield><datafield ind1=" " ind2=" " tag="CAT"><subfield code="a">Sys</subfield><subfield code="c">20110329</subfield><subfield code="h">150633</subfield></datafield></record></collection>